[gd_scene load_steps=8 format=1]

[ext_resource path="res://stage/stage.gd" type="Script" id=1]
[ext_resource path="res://png/hexagon_pattern_blue.jpg" type="Texture" id=2]
[ext_resource path="res://pad/pad.tscn" type="PackedScene" id=3]
[ext_resource path="res://ball/ball.tscn" type="PackedScene" id=4]
[ext_resource path="res://block/block.tscn" type="PackedScene" id=5]

[sub_resource type="RectangleShape2D" id=1]

custom_solver_bias = 0.0
extents = Vector2( 10, 359.558 )

[sub_resource type="RectangleShape2D" id=2]

custom_solver_bias = 0.0
extents = Vector2( 631.1, 10 )

[node name="stage" type="Node"]

script/script = ExtResource( 1 )

[node name="background" type="Node" parent="."]

editor/display_folded = true

[node name="Sprite" type="Sprite" parent="background"]

transform/pos = Vector2( 320, 320 )
transform/scale = Vector2( 0.711111, 0.711111 )
texture = ExtResource( 2 )
modulate = Color( 0.226563, 0.226563, 0.226563, 1 )
__meta__ = { "_edit_lock_":true }

[node name="Sprite 1" type="Sprite" parent="background"]

transform/pos = Vector2( 960, 320 )
transform/scale = Vector2( 0.711111, 0.711111 )
texture = ExtResource( 2 )
modulate = Color( 0.226563, 0.226563, 0.226563, 1 )
__meta__ = { "_edit_lock_":true }

[node name="Sprite 2" type="Sprite" parent="background"]

transform/pos = Vector2( 320, 679.111 )
transform/scale = Vector2( 0.711111, 0.711111 )
texture = ExtResource( 2 )
modulate = Color( 0.226563, 0.226563, 0.226563, 1 )
region = true
region_rect = Rect2( 0, 0, 900, 110 )
__meta__ = { "_edit_lock_":true }

[node name="Sprite 3" type="Sprite" parent="background"]

transform/pos = Vector2( 960, 679.111 )
transform/scale = Vector2( 0.711111, 0.711111 )
texture = ExtResource( 2 )
modulate = Color( 0.226563, 0.226563, 0.226563, 1 )
region = true
region_rect = Rect2( 0, 0, 900, 110 )
__meta__ = { "_edit_lock_":true }

[node name="walls" type="Node" parent="."]

[node name="left" type="StaticBody2D" parent="walls"]

editor/display_folded = true
transform/pos = Vector2( 0, 360 )
input/pickable = false
shapes/0/shape = SubResource( 1 )
shapes/0/transform = Matrix32( 1, 0, 0, 1, 0, 0 )
shapes/0/trigger = false
collision/layers = 1
collision/mask = 1
constant_linear_velocity = Vector2( 0, 0 )
constant_angular_velocity = 0.0
friction = 1.0
bounce = 0.0

[node name="CollisionShape2D" type="CollisionShape2D" parent="walls/left"]

shape = SubResource( 1 )
trigger = false
_update_shape_index = 0

[node name="right" type="StaticBody2D" parent="walls"]

editor/display_folded = true
transform/pos = Vector2( 0, 360 )
input/pickable = false
shapes/0/shape = SubResource( 1 )
shapes/0/transform = Matrix32( 1, 0, 0, 1, 1280, 0 )
shapes/0/trigger = false
collision/layers = 1
collision/mask = 1
constant_linear_velocity = Vector2( 0, 0 )
constant_angular_velocity = 0.0
friction = 1.0
bounce = 0.0

[node name="CollisionShape2D" type="CollisionShape2D" parent="walls/right"]

transform/pos = Vector2( 1280, 0 )
shape = SubResource( 1 )
trigger = false
_update_shape_index = 0

[node name="top" type="StaticBody2D" parent="walls"]

editor/display_folded = true
transform/pos = Vector2( 640, 0 )
input/pickable = false
shapes/0/shape = SubResource( 2 )
shapes/0/transform = Matrix32( 1, 0, 0, 1, 0, 0 )
shapes/0/trigger = false
collision/layers = 1
collision/mask = 1
constant_linear_velocity = Vector2( 0, 0 )
constant_angular_velocity = 0.0
friction = 1.0
bounce = 0.0

[node name="CollisionShape2D" type="CollisionShape2D" parent="walls/top"]

shape = SubResource( 2 )
trigger = false
_update_shape_index = 0

[node name="bottom" type="StaticBody2D" parent="walls"]

editor/display_folded = true
transform/pos = Vector2( 640, 720 )
input/pickable = false
shapes/0/shape = SubResource( 2 )
shapes/0/transform = Matrix32( 1, 0, 0, 1, 0, 0 )
shapes/0/trigger = false
collision/layers = 1
collision/mask = 1
constant_linear_velocity = Vector2( 0, 0 )
constant_angular_velocity = 0.0
friction = 1.0
bounce = 0.0

[node name="CollisionShape2D" type="CollisionShape2D" parent="walls/bottom"]

shape = SubResource( 2 )
trigger = false
_update_shape_index = 0

[node name="pad" parent="." instance=ExtResource( 3 )]

transform/pos = Vector2( 632, 632 )
speed = 750

[node name="ball" parent="." instance=ExtResource( 4 )]

transform/pos = Vector2( 640, 360 )
speed = 500

[node name="blocks" type="Node" parent="."]

editor/display_folded = true

[node name="block" parent="blocks" instance=ExtResource( 5 )]

transform/pos = Vector2( 760, 275 )

[node name="block 11" parent="blocks" instance=ExtResource( 5 )]

transform/pos = Vector2( 1090, 275 )
strength = 2

[node name="block 1" parent="blocks" instance=ExtResource( 5 )]

transform/pos = Vector2( 650, 275 )

[node name="block 10" parent="blocks" instance=ExtResource( 5 )]

transform/pos = Vector2( 980, 275 )
strength = 4

[node name="block 6" parent="blocks" instance=ExtResource( 5 )]

transform/pos = Vector2( 430, 275 )
strength = 4

[node name="block 7" parent="blocks" instance=ExtResource( 5 )]

transform/pos = Vector2( 320, 275 )
strength = 4

[node name="block 8" parent="blocks" instance=ExtResource( 5 )]

transform/pos = Vector2( 210, 275 )
strength = 2

[node name="block 2" parent="blocks" instance=ExtResource( 5 )]

transform/pos = Vector2( 540, 275 )

[node name="block 9" parent="blocks" instance=ExtResource( 5 )]

transform/pos = Vector2( 870, 275 )
strength = 4

[node name="block 3" parent="blocks" instance=ExtResource( 5 )]

transform/pos = Vector2( 540, 215 )
strength = 5

[node name="block 4" parent="blocks" instance=ExtResource( 5 )]

transform/pos = Vector2( 650, 215 )
strength = 5

[node name="block 5" parent="blocks" instance=ExtResource( 5 )]

transform/pos = Vector2( 760, 215 )
strength = 5


